@misc{geek,
  author       = "Geeks for Geeks",
  title        = "OpenCV â€“ Overview",
  howpublished = "\url{https://www.geeksforgeeks.org/opencv-overview/}",
  month        = "August",
  year         = "2021",
  note         = "Accessed: 2021-09-14",
}

@misc{werem,
  author       = "Pablo R. Weremczuk",
  title        = "Old School Frame Buffer game engine",
  howpublished = "\url{https://github.com/WEREMSOFT/voxelspace-c99-opengl-linux}",
  month        = "August",
  year         = "2021",
  note         = "Accessed: 2021-09-14",
}

@Book{young,
  author    = "Ian T. Young and Jan J. Gerbrands and Lucas J. van Vliet",
  title     = "Fundamentals of Image Processing",
  publisher = "Delft University of Technology",
  year      = "1995",
  volume    = "2.3",
  address   = "Delft, Netherlands",
  note      = "Accessed 2021-9-15",
}
