@book{solid,
  author = {Martin, Robert Cecil},
  title = {Agile Software Development: Principles, Patterns, and Practices},
  year = {2003},
  isbn = {0135974445},
  publisher = {Prentice Hall PTR},
  address = {USA},
}

@misc{geek,
  author = "Amol Paliwal",
  title = "OpenCV – Overview",
  howpublished = "\url{https://www.geeksforgeeks.org/opencv-overview/}",
  month = "August",
  year = "2021",
  note = "Accessed: 2021-09-14",
}

@misc{laplace,
  author = {Suleyman Turkmen},
  title = {LaplacianFilter},
  year = {2020},
  publisher = {GitHub},
  journal = {GitHub Repository},
  howpublished = {\url{
                  https://github.com/opencv/opencv/blob/master/samples/cpp/laplace.cpp
                  }},
  commit = {98db891851056a8a2caeaf5dcb67be6ffc00ba77},
}

@article{namespace,
  author = {Benji Tigg},
  title = {Why you shouldn’t use namespaces},
  journal = {Level Up Coding},
  year = {2021},
}

@misc{cravey,
  author = "David Cravey",
  title = "Functional-Style Programming in C++",
  howpublished = "\url{https://docs.microsoft.com/en-us/archive/msdn-magazine/2012/august/c-functional-style-programming-in-c}",
  month = "August",
  year = "2012",
  note = "Accessed: 2021-10-29",
}

@inbook{canny,
  author    = "G.T. Shrivakshan, Dr. C. Chandrasekar",
  title     = "A Comparison of various Edge Detection Techniques used in Image Processing",
  publisher = "International Journal of Computer Science Issues",
  year      = "2012",
  volume    = "9",
  number    = "1",
  month     = "September",
  pages     = "269-276",
}

@misc{tom,
  author = "Tom Reinitz",
  title = "Header guard type question",
  howpublished = "\url{https://piazza.com/class/ktacb43ye2wgh?cid=36}",
  month = "September",
  year = "2021",
  note = "Accessed: 2021-09-26",
}

