@misc{brian,
  author = "Brian Bi",
  title = "Why isnâ€™t it good to follow Google's C++ style guide?",
  howpublished = "\url{
                  https://www.quora.com/Why-isn%E2%80%99t-it-good-to-follow-Googles-C++-style-guide
                  }",
  month = "April",
  year = "2017",
  note = "Accessed: 2021-09-27",
}

@misc{tom,
  author = "Tom Reinitz",
  title = "Header guard type question",
  howpublished = "\url{https://piazza.com/class/ktacb43ye2wgh?cid=36}",
  month = "September",
  year = "2021",
  note = "Accessed: 2021-09-26",
}

